<?xml version="1.0" encoding="UTF-8"?><collection xmlns="http://www.loc.gov/MARC21/slim"><record><leader>00531nam--2200181-i-4500</leader><controlfield tag="001">000023320</controlfield><controlfield tag="002">20161230</controlfield><controlfield tag="005">20170128200330</controlfield><controlfield tag="008">060222s1000------------r-----000-0-eng-d</controlfield><datafield ind1=" " ind2=" " tag="040"><subfield code="a">IFIN-HH</subfield></datafield><datafield ind1=" " ind2=" " tag="080"><subfield code="a">5(091)</subfield></datafield><datafield ind1="1" ind2=" " tag="100"><subfield code="a">Harre, R</subfield></datafield><datafield ind1="1" ind2="0" tag="245"><subfield code="a">The wykeham science series. Vol. 8. The method of science</subfield><subfield code="c">R. Harre</subfield></datafield><datafield ind1=" " ind2=" " tag="260"><subfield code="a">London</subfield><subfield code="b">Wykeham Publications (London) Ltd</subfield><subfield code="c">1970</subfield></datafield><datafield ind1=" " ind2=" " tag="300"><subfield code="a">XII+120 p</subfield></datafield><datafield ind1=" " ind2=" " tag="490"><subfield code="a">The Wykeham Science Series For Schools And Universities</subfield></datafield><datafield ind1=" " ind2=" " tag="852"><subfield code="a">32608</subfield><subfield code="c">53</subfield></datafield><datafield ind1=" " ind2=" " tag="CAT"><subfield code="a">SYS</subfield><subfield code="c">20170128</subfield><subfield code="h">200330</subfield></datafield></record></collection>